<record xmlns="http://www.loc.gov/MARC21/slim">
   <leader>01616cam a2200409 i 4500</leader>
   <controlfield tag="001">6759905</controlfield>
   <controlfield tag="003">OCoLC</controlfield>
   <controlfield tag="005">20141203100719.0</controlfield>
   <controlfield tag="008">140613s2015    mdu      b    001 0deng  </controlfield>
   <datafield ind1=" " ind2=" " tag="010">
      <subfield code="a">  2014023319</subfield>
   </datafield>
   <datafield ind1=" " ind2=" " tag="020">
      <subfield code="a">9780810884816</subfield>
      <subfield code="q">hardcover</subfield>
   </datafield>
   <datafield ind1=" " ind2=" " tag="020">
      <subfield code="a">081088481X</subfield>
      <subfield code="q">hardcover</subfield>
   </datafield>
   <datafield ind1=" " ind2=" " tag="020">
      <subfield code="z">9780810884823</subfield>
      <subfield code="q">electronic bk.</subfield>
   </datafield>
   <datafield ind1=" " ind2=" " tag="020">
      <subfield code="z">0810884828</subfield>
      <subfield code="q">electronic bk.</subfield>
   </datafield>
   <datafield ind1=" " ind2=" " tag="035">
      <subfield code="a">ocn881498685</subfield>
   </datafield>
   <datafield ind1=" " ind2=" " tag="040">
      <subfield code="a">DLC</subfield>
      <subfield code="e">rda</subfield>
      <subfield code="b">eng</subfield>
      <subfield code="c">DLC</subfield>
      <subfield code="d">YDX</subfield>
      <subfield code="d">BTCTA</subfield>
      <subfield code="d">OCLCF</subfield>
      <subfield code="d">GK8</subfield>
      <subfield code="d">YDXCP</subfield>
      <subfield code="d">OO3</subfield>
      <subfield code="d">OCLCO</subfield>
      <subfield code="d">CDX</subfield>
      <subfield code="d">TDF</subfield>
      <subfield code="d">UAB</subfield>
   </datafield>
   <datafield ind1=" " ind2=" " tag="042">
      <subfield code="a">pcc</subfield>
   </datafield>
   <datafield ind1=" " ind2=" " tag="043">
      <subfield code="a">n-us---</subfield>
   </datafield>
   <datafield ind1="0" ind2="0" tag="050">
      <subfield code="a">ML420.S563</subfield>
      <subfield code="b">B66 2015</subfield>
   </datafield>
   <datafield ind1="0" ind2="0" tag="082">
      <subfield code="a">782.42164092</subfield>
      <subfield code="2">23</subfield>
   </datafield>
   <datafield ind1=" " ind2=" " tag="090">
      <subfield code="a">ML 420 S563 B66 2015</subfield>
      <subfield code="b">AEU</subfield>
   </datafield>
   <datafield ind1="1" ind2=" " tag="100">
      <subfield code="a">Bonca, Cornel,</subfield>
      <subfield code="d">1958-</subfield>
      <subfield code="e">author.</subfield>
   </datafield>
   <datafield ind1="1" ind2="0" tag="245">
      <subfield code="a">Paul Simon :</subfield>
      <subfield code="b">an American tune /</subfield>
      <subfield code="c">Cornel Bonca.</subfield>
   </datafield>
   <datafield ind1=" " ind2="1" tag="264">
      <subfield code="a">Lanham, Maryland :</subfield>
      <subfield code="b">Rowman &amp; Littlefield,</subfield>
      <subfield code="c">[2015]</subfield>
   </datafield>
   <datafield ind1=" " ind2=" " tag="300">
      <subfield code="a">xxxvi, 173 pages ;</subfield>
      <subfield code="c">24 cm.</subfield>
   </datafield>
   <datafield ind1=" " ind2=" " tag="336">
      <subfield code="a">text</subfield>
      <subfield code="2">rdacontent</subfield>
   </datafield>
   <datafield ind1=" " ind2=" " tag="337">
      <subfield code="a">unmediated</subfield>
      <subfield code="2">rdamedia</subfield>
   </datafield>
   <datafield ind1=" " ind2=" " tag="338">
      <subfield code="a">volume</subfield>
      <subfield code="2">rdacarrier</subfield>
   </datafield>
   <datafield ind1="1" ind2=" " tag="490">
      <subfield code="a">Tempo : a Rowman &amp; Littlefield music series on rock, pop, and culture</subfield>
   </datafield>
   <datafield ind1=" " ind2=" " tag="504">
      <subfield code="a">Includes bibliographical references and index.</subfield>
   </datafield>
   <datafield ind1=" " ind2=" " tag="596">
      <subfield code="a">16 43</subfield>
   </datafield>
   <datafield ind1="1" ind2="0" tag="600">
      <subfield code="a">Simon, Paul,</subfield>
      <subfield code="d">1941-</subfield>
      <subfield code="x">Criticism and interpretation.</subfield>
   </datafield>
   <datafield ind1=" " ind2="0" tag="650">
      <subfield code="a">Popular music</subfield>
      <subfield code="z">United States</subfield>
      <subfield code="x">History and criticism.</subfield>
   </datafield>
   <datafield ind1=" " ind2="0" tag="830">
      <subfield code="a">Tempo (Lanham, Md.)</subfield>
   </datafield>
   <datafield ind1=" " ind2=" " tag="949">
      <subfield code="a">ML 420 S563 B66 2015</subfield>
      <subfield code="c">1</subfield>
      <subfield code="h">UAAU-B</subfield>
      <subfield code="i">0162035201134</subfield>
   </datafield>
   <datafield ind1=" " ind2=" " tag="926">
      <subfield code="a">ML 420 S563 B66 2015</subfield>
      <subfield code="w">LC</subfield>
      <subfield code="c">1</subfield>
      <subfield code="i">0162035201134</subfield>
      <subfield code="d">1/9/2015</subfield>
      <subfield code="e">1/9/2015</subfield>
      <subfield code="k">MISSING</subfield>
      <subfield code="l">ON_SHELF</subfield>
      <subfield code="m">UAAUG</subfield>
      <subfield code="p">$150.00</subfield>
      <subfield code="r">M</subfield>
      <subfield code="s">Y</subfield>
      <subfield code="t">BOOK</subfield>
      <subfield code="u">12/18/2014</subfield>
   </datafield>
   <datafield ind1=" " ind2=" " tag="926">
      <subfield code="a">ML 420 S563 B66 2015</subfield>
      <subfield code="w">LC</subfield>
      <subfield code="c">1</subfield>
      <subfield code="i">0162035223229</subfield>
      <subfield code="d">3/9/2015</subfield>
      <subfield code="e">1/15/2015</subfield>
      <subfield code="l">MUSIC</subfield>
      <subfield code="m">UAHSS</subfield>
      <subfield code="p">$150.00</subfield>
      <subfield code="r">Y</subfield>
      <subfield code="s">Y</subfield>
      <subfield code="t">BOOK</subfield>
      <subfield code="u">1/14/2015</subfield>
   </datafield>
</record>
